@article{cloud-haskell,
  title={Session types in Cloud Haskell},
  author={Walree, Ferdinand van},
  year={2017},
}
@article{douglas,
  title={Per Anhalter durch die Galaxis},
  author={Adams, Douglas},
  journal={Physik Journal$\}$},
  pages={53--59},
  year={1981},
  publisher={Rogner$\backslash$ \& Bernhard GmbH$\backslash$ \& Co. Verlags}
}
@article{done,
  title={Getting things done},
  author={Hardaker, Maurice and Ward, BJ},
  journal={Harvard Business Review},
  volume={65},
  number={6},
  pages={112--20},
  year={1987},
  publisher={The Institute for Fiscal Studies IFS}
}
