@inproceedings{DBLP:conf/ppdp/MezzinaP17,
  author    = {Claudio Antares Mezzina and
               Jorge A. P{\'{e}}rez},
  title     = {Causally consistent reversible choreographies: a monitors-as-memories
               approach},
  booktitle = {Proceedings of the 19th International Symposium on Principles and
               Practice of Declarative Programming, Namur, Belgium, October 09 -
               11, 2017},
  pages     = {127--138},
  year      = {2017},
  crossref  = {DBLP:conf/ppdp/2017},
  url       = {http://doi.acm.org/10.1145/3131851.3131864},
  doi       = {10.1145/3131851.3131864},
  timestamp = {Mon, 20 Nov 2017 13:58:29 +0100},
  biburl    = {https://dblp.org/rec/bib/conf/ppdp/MezzinaP17},
  bibsource = {dblp computer science bibliography, https://dblp.org}
}

@mastersthesis{van2017session,
  title={Session types in Cloud Haskell},
  author={van Walree, FR},
  year={2017}
}

@inproceedings{giachino2014causal,
  title={Causal-consistent reversible debugging},
  author={Giachino, Elena and Lanese, Ivan and Mezzina, Claudio Antares},
  booktitle={International Conference on Fundamental Approaches to Software Engineering},
  pages={370--384},
  year={2014},
  organization={Springer}
}

@article{lu2008learning,
  title={Learning from mistakes: a comprehensive study on real world concurrency bug characteristics},
  author={Lu, Shan and Park, Soyeon and Seo, Eunsoo and Zhou, Yuanyuan},
  journal={ACM SIGOPS Operating Systems Review},
  volume={42},
  number={2},
  pages={329--339},
  year={2008},
  publisher={ACM}
}

@article{DBLP:journals/fac/CastellaniDP16,
  author    = {Ilaria Castellani and
               Mariangiola Dezani{-}Ciancaglini and
               Jorge A. P{\'{e}}rez},
  title     = {Self-adaptation and secure information flow in multiparty communications},
  journal   = {Formal Asp. Comput.},
  volume    = {28},
  number    = {4},
  pages     = {669--696},
  year      = {2016},
  url       = {http://dx.doi.org/10.1007/s00165-016-0381-3},
  doi       = {10.1007/s00165-016-0381-3},
  timestamp = {Thu, 21 Jul 2016 10:41:21 +0200},
  biburl    = {http://dblp.uni-trier.de/rec/bib/journals/fac/CastellaniDP16},
  bibsource = {dblp computer science bibliography, http://dblp.org}
}

@inproceedings{DBLP:conf/concur/VriesKH10,
  author    = {Edsko de Vries and
               Vasileios Koutavas and
               Matthew Hennessy},
  title     = {Communicating Transactions - (Extended Abstract)},
  booktitle = {  {CONCUR} 2010},
  pages     = {569--583},
  year      = {2010},
  url       = {http://dx.doi.org/10.1007/978-3-642-15375-4\_39},
  doi       = {10.1007/978-3-642-15375-4\_39},
  timestamp = {Thu, 26 Aug 2010 16:46:17 +0200},
  biburl    = {http://dblp.uni-trier.de/rec/bib/conf/concur/VriesKH10},
  bibsource = {dblp computer science bibliography, http://dblp.org},
  editor    = {Paul Gastin and                Fran{\c{c}}ois Laroussinie}
}

@incollection{DBLP:books/sp/sensoria2011/FerreiraLRVZ11,
  author    = {Carla Ferreira and
               Ivan Lanese and
               Ant{\'{o}}nio Ravara and
               Hugo Torres Vieira and
               Gianluigi Zavattaro},
  title     = {Advanced Mechanisms for Service Combination and Transactions},
  booktitle = {Rigorous Software Engineering for Service-Oriented Systems},
  pages     = {302--325},
  year      = {2011},
  crossref  = {DBLP:books/sp/sensoria11},
  url       = {http://dx.doi.org/10.1007/978-3-642-20401-2\_14},
  doi       = {10.1007/978-3-642-20401-2\_14},
  timestamp = {Wed, 16 Nov 2011 12:55:18 +0100},
  biburl    = {http://dblp.uni-trier.de/rec/bib/books/sp/sensoria2011/FerreiraLRVZ11},
  bibsource = {dblp computer science bibliography, http://dblp.org}
}
@book{DBLP:books/sp/sensoria11,
  editor    = {Martin Wirsing and
               Matthias M. H{\"{o}}lzl},
  title     = {Rigorous Software Engineering for Service-Oriented Systems},
  series    = {LNCS},
  volume    = {6582},
  publisher = {Springer},
  year      = {2011},
  url       = {http://dx.doi.org/10.1007/978-3-642-20401-2},
  doi       = {10.1007/978-3-642-20401-2},
  isbn      = {978-3-642-20400-5},
  timestamp = {Wed, 16 Nov 2011 12:50:30 +0100},
  biburl    = {http://dblp.uni-trier.de/rec/bib/books/sp/sensoria11},
  bibsource = {dblp computer science bibliography, http://dblp.org}
}

@inproceedings{DBLP:journals/corr/Dezani-Ciancaglini16a,
  author    = {Mariangiola Dezani{-}Ciancaglini and
               Paola Giannini},
  title     = {Reversible Multiparty Sessions with Checkpoints},
  booktitle = {  {EXPRESS/SOS} 2016},
  pages     = {60--74},
  year      = {2016},
  editor    = {Daniel Gebler and
               Kirstin Peters},
  series    = {{EPTCS}},
  volume    = {222},
}

@inproceedings{DBLP:conf/concur/CarboneHY08,
  author    = {Marco Carbone and
               Kohei Honda and
               Nobuko Yoshida},
  title     = {Structured Interactional Exceptions in Session Types},
  booktitle = { {CONCUR} 2008},
  pages     = {402--417},
  year      = {2008},
  url       = {http://dx.doi.org/10.1007/978-3-540-85361-9\_32},
  doi       = {10.1007/978-3-540-85361-9\_32},
  timestamp = {Fri, 22 Aug 2008 12:33:09 +0200},
  biburl    = {http://dblp.uni-trier.de/rec/bib/conf/concur/CarboneHY08},
  editor    = {Franck van Breugel and
               Marsha Chechik},
               series    = {LNCS},
  volume    = {5201},
  publisher = {Springer},
  isbn      = {978-3-540-85360-2},
}

@Article{Castellani2016,
author="Castellani, Ilaria
and Dezani-Ciancaglini, Mariangiola
and P{\'e}rez, Jorge A.",
title="Self-adaptation and secure information flow in multiparty communications",
journal="Formal Aspects of Computing",
year="2016",
volume="28",
number="4",
pages="669--696",
abstract="We present a comprehensive model of structured communications in which self-adaptation and security concerns are jointly addressed. More specifically, we propose a model of multiparty, self-adaptive communications with access control and secure information flow guarantees. In our model, multiparty protocols (choreographies) are described as global types; security violations occur when process implementations of protocol participants attempt to read or write messages of inappropriate security levels within directed exchanges. Such violations trigger adaptation mechanisms that prevent the violations to occur and/or to propagate their effect in the choreography. Our model is equipped with local and global adaptation mechanisms for reacting to security violations of different gravity; type soundness results ensure that the overall multiparty protocol is still correctly executed while the system adapts itself to preserve the participants' security.",
issn="1433-299X",
doi="10.1007/s00165-016-0381-3",
url="http://dx.doi.org/10.1007/s00165-016-0381-3"
}

@article{MezzinaP17arxiv,
  author    = {Claudio Antares Mezzina and
               Jorge A. P{\'{e}}rez},
  title     = {Causally Consistent Reversible Choreographies},
  journal   = {CoRR},
  volume    = {abs/1703.06021},
  year      = {2017},
  url       = {http://arxiv.org/abs/1703.06021},
  timestamp = {Wed, 07 Jun 2017 14:42:59 +0200},
  biburl    = {http://dblp.uni-trier.de/rec/bib/journals/corr/MezzinaP17},
  bibsource = {dblp computer science bibliography, http://dblp.org}
}

@article{MezzinaP17,
  author    = {Claudio Antares Mezzina and
               Jorge A. P{\'{e}}rez},
  title     = {Reversibility in Session-Based Concurrency: A Fresh Look },
journal   = {J. Log. Algebr. Meth. Program.},  
  volume    = {90},
  pages     = {2--30},
  year      = {2017},
  url       = {https://doi.org/10.1016/j.jlamp.2017.03.003},
  doi       = {10.1016/j.jlamp.2017.03.003},
}


@inproceedings{DBLP:journals/corr/MezzinaP16,
  author    = {Claudio Antares Mezzina and
               Jorge A. P{\'{e}}rez},
  title     = {Reversible Sessions Using Monitors},
  booktitle = {{PLACES} 2016},
  pages     = {56--64},
  year      = {2016},
  doi       = {10.4204/EPTCS.211.6},
  editor    = {Dominic A. Orchard and
               Nobuko Yoshida},
  series    = {{EPTCS}},
  volume    = {211},
}

@inproceedings{DBLP:conf/coordination/Barbanerad16,
  author    = {Franco Barbanera and
               Ugo de'Liguoro},
  title     = {A Game Interpretation of Retractable Contracts},
  booktitle = {{COORDINATION} 2016},
  pages     = {18--34},
  year      = {2016},
  crossref  = {DBLP:conf/coordination/2016},
  url       = {http://dx.doi.org/10.1007/978-3-319-39519-7\_2},
  doi       = {10.1007/978-3-319-39519-7\_2},
  timestamp = {Tue, 21 Jun 2016 17:34:38 +0200},
  biburl    = {http://dblp.uni-trier.de/rec/bib/conf/coordination/Barbanerad16},
  bibsource = {dblp computer science bibliography, http://dblp.org}
}
@proceedings{DBLP:conf/coordination/2016,
  editor    = {Alberto Lluch{-}Lafuente and
               Jos{\'{e}} Proen{\c{c}}a},
  title     = {{COORDINATION} 2016},
  series    = {LNCS},
  volume    = {9686},
  publisher = {Springer},
  year      = {2016},
  url       = {http://dx.doi.org/10.1007/978-3-319-39519-7},
  doi       = {10.1007/978-3-319-39519-7},
  isbn      = {978-3-319-39518-0},
  timestamp = {Tue, 21 Jun 2016 17:34:38 +0200},
  biburl    = {http://dblp.uni-trier.de/rec/bib/conf/coordination/2016},
  bibsource = {dblp computer science bibliography, http://dblp.org}
}

@inproceedings{DBLP:journals/corr/BarbaneraDd14,
  author    = {Franco Barbanera and
               Mariangiola Dezani{-}Ciancaglini and
               Ugo de'Liguoro},
  title     = {Compliance for reversible client/server interactions},
  booktitle = {{BEAT} 2014},
  pages     = {35--42},
  year      = {2014},
  doi       = {10.4204/EPTCS.162.5},
  editor    = {Marco Carbone},
  series    = {{EPTCS}},
  volume    = {162},
 }

@article{Huttel2016,
 author = {H\"{u}ttel, Hans and Lanese, Ivan and Vasconcelos, Vasco T. and Caires, Lu\'{\i}s and Carbone, Marco and Deni{\'e}lou, Pierre-Malo and Mostrous, Dimitris and Padovani, Luca and Ravara, Ant\'{o}nio and Tuosto, Emilio and Vieira, Hugo Torres and Zavattaro, Gianluigi},
 title = {Foundations of Session Types and Behavioural Contracts},
 journal = {ACM Comput. Surv.},
 issue\_date = {June 2016},
 volume = {49},
 number = {1},
 month = apr,
 year = {2016},
 issn = {0360-0300},
 pages = {3:1--3:36},
 articleno = {3},
 numpages = {36},
 url = {http://doi.acm.org/10.1145/2873052},
 doi = {10.1145/2873052},
 acmid = {2873052},
 publisher = {ACM},
 address = {New York, NY, USA},
 keywords = {Behavioural types},
}



@inproceedings{DBLP:conf/birthday/LaneveP08,
  author    = {Cosimo Laneve and
               Luca Padovani},
  title     = {The Pairing of Contracts and Session Types},
  booktitle = {Concurrency, Graphs and Models, Essays Dedicated to Ugo Montanari
               on the Occasion of His 65th Birthday},
  pages     = {681--700},
  year      = {2008},
  crossref  = {DBLP:conf/birthday/2008montanari},
  url       = {http://dx.doi.org/10.1007/978-3-540-68679-8\_42},
  doi       = {10.1007/978-3-540-68679-8\_42},
  timestamp = {Mon, 16 Jun 2008 15:45:08 +0200},
  biburl    = {http://dblp.uni-trier.de/rec/bib/conf/birthday/LaneveP08},
  bibsource = {dblp computer science bibliography, http://dblp.org}
}
@proceedings{DBLP:conf/birthday/2008montanari,
  editor    = {Pierpaolo Degano and
               Rocco De Nicola and
               Jos{\'{e}} Meseguer},
  title     = {Concurrency, Graphs and Models, Essays Dedicated to Ugo Montanari
               on the Occasion of His 65th Birthday},
  series    = {LNCS},
  volume    = {5065},
  publisher = {Springer},
  year      = {2008},
  isbn      = {978-3-540-68676-7},
  timestamp = {Mon, 16 Jun 2008 15:45:08 +0200},
  biburl    = {http://dblp.uni-trier.de/rec/bib/conf/birthday/2008montanari},
  bibsource = {dblp computer science bibliography, http://dblp.org}
}

@article{DBLP:journals/iandc/BoudolC94,
  author    = {G{\'{e}}rard Boudol and
               Ilaria Castellani},
  title     = {Flow Models of Distributed Computations: Three Equivalent Semantics
               for {CCS}},
  journal   = {Inf. Comput.},
  volume    = {114},
  number    = {2},
  pages     = {247--314},
  year      = {1994},
  url       = {http://dx.doi.org/10.1006/inco.1994.1088},
  doi       = {10.1006/inco.1994.1088},
  timestamp = {Wed, 06 Jul 2011 21:23:56 +0200},
  biburl    = {http://dblp.uni-trier.de/rec/bib/journals/iandc/BoudolC94},
  bibsource = {dblp computer science bibliography, http://dblp.org}
}

@inproceedings{DBLP:conf/tgc/ChenBDHY11,
  author    = {Tzu{-}Chun Chen and
               Laura Bocchi and
               Pierre{-}Malo Deni{\'{e}}lou and
               Kohei Honda and
               Nobuko Yoshida},
  title     = {Asynchronous Distributed Monitoring for Multiparty Session Enforcement},
  booktitle = {{TGC}},
  pages     = {25--45},
  year      = {2011},
  url       = {http://dx.doi.org/10.1007/978-3-642-30065-3\\_2},
  doi       = {10.1007/978-3-642-30065-3\_2},
  timestamp = {Thu, 05 Jul 2012 08:30:43 +0200},
   series    = {LNCS},
  volume    = {7173},
  publisher = {Springer},
  year      = {2012},
  biburl    = {http://dblp.uni-trier.de/rec/bib/conf/tgc/ChenBDHY11},
  bibsource = {dblp computer science bibliography, http://dblp.org}
}

@article{DBLP:journals/scp/GiustoP15,
  author    = {Cinzia Di Giusto and
               Jorge A. P{\'{e}}rez},
  title     = {Disciplined structured communications with disciplined runtime adaptation},
  journal   = {Sci. Comput. Program.},
  volume    = {97},
  pages     = {235--265},
  year      = {2015},
  doi       = {10.1016/j.scico.2014.04.017},
  timestamp = {Thu, 20 Nov 2014 11:20:37 +0100},
  biburl    = {http://dblp.uni-trier.de/rec/bib/journals/scp/GiustoP15},
  bibsource = {dblp computer science bibliography, http://dblp.org}
}

@inproceedings{DBLP:conf/tgc/CairesFV08,
  author    = {Lu{\'{\i}}s Caires and
               Carla Ferreira and
               Hugo Torres Vieira},
  title     = {A Process Calculus Analysis of Compensations},
  booktitle = {{TGC} 2008},
  pages     = {87--103},
  series    = {LNCS},
  volume    = {5474},
  publisher = {Springer},
  year      = {2009},
  editor    = {Christos Kaklamanis and
               Flemming Nielson},
  doi       = {10.1007/978-3-642-00945-7\\_6},
  timestamp = {Thu, 16 Apr 2009 14:49:13 +0200},
  biburl    = {http://dblp.uni-trier.de/rec/bib/conf/tgc/CairesFV08},
  bibsource = {dblp computer science bibliography, http://dblp.org}
}


@article{DBLP:journals/mscs/CapecchiGY16,
  author    = {Sara Capecchi and
               Elena Giachino and
               Nobuko Yoshida},
  title     = {Global escape in multiparty sessions},
  journal   = {Mathematical Structures in Computer Science},
  volume    = {26},
  number    = {2},
  pages     = {156--205},
  year      = {2016},
  doi       = {10.1017/S0960129514000164},
  timestamp = {Thu, 21 Jan 2016 13:12:53 +0100},
  biburl    = {http://dblp.uni-trier.de/rec/bib/journals/mscs/CapecchiGY16},
  bibsource = {dblp computer science bibliography, http://dblp.org}
}

@article{DBLP:journals/tcs/CairesV10,
  author    = {Lu{\'{\i}}s Caires and
               Hugo Torres Vieira},
  title     = {Conversation types},
  journal   = {Theor. Comput. Sci.},
  volume    = {411},
  number    = {51-52},
  pages     = {4399--4440},
  year      = {2010},
  doi       = {10.1016/j.tcs.2010.09.010},
  timestamp = {Tue, 07 Dec 2010 16:23:22 +0100},
  biburl    = {http://dblp.uni-trier.de/rec/bib/journals/tcs/CairesV10},
  bibsource = {dblp computer science bibliography, http://dblp.org}
}

@inproceedings{DBLP:conf/popl/HondaYC08,
  author    = {Kohei Honda and
               Nobuko Yoshida and
               Marco Carbone},
  title     = {Multiparty asynchronous session types},
  editor    = {George C. Necula and
               Philip Wadler},
  booktitle = {{POPL} 2008},
  pages     = {273--284},
  year      = {2008},
  doi       = {10.1145/1328438.1328472},
  timestamp = {Tue, 22 May 2012 15:24:56 +0200},
    publisher = {{ACM}},
  biburl    = {http://dblp.uni-trier.de/rec/bib/conf/popl/HondaYC08},
  bibsource = {dblp computer science bibliography, http://dblp.org}
}


@inproceedings{DBLP:conf/esop/HondaVK98,
  author    = {Kohei Honda and
               Vasco Thudichum Vasconcelos and
               Makoto Kubo},
  title     = {Language Primitives and Type Discipline for Structured Communication-Based
               Programming},
  booktitle = {ESOP'98},
  pages     = {122--138},
  year      = {1998},
  series    = {LNCS},
  volume    = {1381},
  publisher = {Springer},
  editor    = {Chris Hankin},
  doi       = {10.1007/BFb0053567},
  timestamp = {Sun, 20 Sep 2009 17:24:17 +0200},
  biburl    = {http://dblp.uni-trier.de/rec/bib/conf/esop/HondaVK98},
  bibsource = {dblp computer science bibliography, http://dblp.org}
}
 


@inproceedings{KPY2016,
  author    = {Dimitrios Kouzapas and
               Jorge A. P{\'{e}}rez and
               Nobuko Yoshida},
  title     = {On the Relative Expressiveness of Higher-Order Session Processes},
  booktitle = { {ESOP} 2016},
  pages     = {446--475},
    series    = {LNCS},
  volume    = {9632},
  publisher = {Springer},
  year      = {2016},
  doi       = {10.1007/978-3-662-49498-1\_18},
  editor    = {Peter Thiemann}
}

@inproceedings{DBLP:conf/lics/CristescuKV13,
  author    = {Ioana Cristescu and
               Jean Krivine and
               Daniele Varacca},
  title     = {A Compositional Semantics for the Reversible p-Calculus},
  booktitle = { {LICS}2013},
  pages     = {388--397},
  publisher = {{IEEE} Computer Society},
  year      = {2013},
  doi       = {10.1109/LICS.2013.45},
  timestamp = {Wed, 27 May 2015 19:02:35 +0200},
  biburl    = {http://dblp.uni-trier.de/rec/bib/conf/lics/CristescuKV13},
  bibsource = {dblp computer science bibliography, http://dblp.org}
}
@proceedings{DBLP:conf/lics/2013,
  title     = {28th Annual {ACM/IEEE} Symposium on Logic in Computer Science, {LICS}
               2013, New Orleans, LA, USA, June 25-28, 2013},
  publisher = {{IEEE} Computer Society},
  year      = {2013},
  url       = {http://ieeexplore.ieee.org/xpl/mostRecentIssue.jsp?punumber=6570844},
  isbn      = {978-1-4799-0413-6},
  timestamp = {Wed, 27 May 2015 19:02:35 +0200},
  biburl    = {http://dblp.uni-trier.de/rec/bib/conf/lics/2013},
  bibsource = {dblp computer science bibliography, http://dblp.org}
}
@inproceedings{DBLP:conf/concur/DanosK05,
  author    = {Vincent Danos and
               Jean Krivine},
  title     = {Transactions in {RCCS}},
  booktitle = { {CONCUR} 2005 },
  pages     = {398--412},
  year      = {2005},
  url       = {http://dx.doi.org/10.1007/11539452\_31},
  doi       = {10.1007/11539452\_31},
  timestamp = {Wed, 14 Sep 2005 14:10:33 +0200},
  biburl    = {http://dblp.uni-trier.de/rec/bib/conf/concur/DanosK05},
  bibsource = {dblp computer science bibliography, http://dblp.org},
  editor    = {Mart{\'{\i}}n Abadi and
               Luca de Alfaro}
}

@inproceedings{digiusto:hal-01093090,
  author    = {Cinzia Di Giusto and
               Jorge A. P{\'{e}}rez},
  title     = {An Event-Based Approach to Runtime Adaptation in Communication-Centric
               Systems},
  booktitle = {Web Services, Formal Methods, and Behavioral Types - 11th International
               Workshop, {WS-FM} 2014 and 12th International Workshop, {WS-FM/BEAT} 2015. Revised Selected Papers},
  pages     = {67--85},
  editor    = {Thomas T. Hildebrandt and
               Ant{\'{o}}nio Ravara and
               Jan Martijn van der Werf and
               Matthias Weidlich},
  year      = {2015},
  crossref  = {DBLP:conf/wsfm/2015},
  url       = {http://dx.doi.org/10.1007/978-3-319-33612-1\_5},
  doi       = {10.1007/978-3-319-33612-1\_5},
  timestamp = {Wed, 04 May 2016 12:24:37 +0200},
  biburl    = {http://dblp.uni-trier.de/rec/bib/conf/wsfm/GiustoP15},
  bibsource = {dblp computer science bibliography, http://dblp.org}
}
@proceedings{DBLP:conf/wsfm/2015,
  editor    = {Thomas T. Hildebrandt and
               Ant{\'{o}}nio Ravara and
               Jan Martijn van der Werf and
               Matthias Weidlich},
  title     = {Web Services, Formal Methods, and Behavioral Types - 11th International
               Workshop, {WS-FM} 2014, Eindhoven, The Netherlands, September 11-12,
               2014, and 12th International Workshop, {WS-FM/BEAT} 2015, Madrid,
               Spain, September 4-5, 2015, Revised Selected Papers},
  series    = {LNCS},
  volume    = {9421},
  publisher = {Springer},
  year      = {2016},
  url       = {http://dx.doi.org/10.1007/978-3-319-33612-1},
  doi       = {10.1007/978-3-319-33612-1},
  isbn      = {978-3-319-33611-4},
  timestamp = {Wed, 04 May 2016 12:22:07 +0200},
  biburl    = {http://dblp.uni-trier.de/rec/bib/conf/wsfm/2015},
  bibsource = {dblp computer science bibliography, http://dblp.org}
}

@inproceedings{DBLP:conf/ecoop/HuKPYH10,
  author    = {Raymond Hu and
               Dimitrios Kouzapas and
               Olivier Pernet and
               Nobuko Yoshida and
               Kohei Honda},
  title     = {Type-Safe Eventful Sessions in Java},
  booktitle = { {ECOOP} 2010},
  pages     = {329--353},
  series    = {LNCS},
    editor    = {Theo D'Hondt},

  volume    = {6183},
  publisher = {Springer},
   year      = {2010},
  doi       = {10.1007/978-3-642-14107-2\\_16},
  timestamp = {Thu, 01 Jul 2010 07:21:55 +0200},
  biburl    = {http://dblp.uni-trier.de/rec/bib/conf/ecoop/HuKPYH10},
  bibsource = {dblp computer science bibliography, http://dblp.org}
}
@proceedings{DBLP:conf/ecoop/2010,
  editor    = {Theo D'Hondt},
  title     = {{ECOOP} 2010 - Object-Oriented Programming, 24th European Conference,
               Maribor, Slovenia, June 21-25, 2010. Proceedings},
  series    = {LNCS},
  volume    = {6183},
  publisher = {Springer},
  year      = {2010},
  url       = {http://dx.doi.org/10.1007/978-3-642-14107-2},
  doi       = {10.1007/978-3-642-14107-2},
  isbn      = {978-3-642-14106-5},
  timestamp = {Thu, 01 Jul 2010 07:20:31 +0200},
  biburl    = {http://dblp.uni-trier.de/rec/bib/conf/ecoop/2010},
  bibsource = {dblp computer science bibliography, http://dblp.org}
}


@MastersThesis{Kouzapas09,
    author     =     {Dimitrios Kouzapas},
    title     =     {{A Session Type Discipline for Event Driven Programming Models}},
    school     =     {Imperial College London},
    year     =     {2009},
    month = {September},
    url = {http://www.doc.ic.ac.uk/teaching/distinguished-projects/2009/d.kouzapas.pdf}
    }

@inproceedings{LGP2016,
  author    = {Limin Jia and
               Hannah Gommerstadt and
               Frank Pfenning},
  title     = {Monitors and blame assignment for higher-order session types},
  booktitle = {{POPL} 2016},
  pages     = {582--594},
  year      = {2016},
  publisher = {{ACM}},
  doi       = {10.1145/2837614.2837662},
  timestamp = {Fri, 08 Jan 2016 18:18:25 +0100},
  biburl    = {http://dblp.uni-trier.de/rec/bib/conf/popl/JiaGP16},
  bibsource = {dblp computer science bibliography, http://dblp.org}
}
@proceedings{DBLP:conf/popl/2016,
  editor    = {Rastislav Bodik and
               Rupak Majumdar},
  title     = {Proceedings of the 43rd Annual {ACM} {SIGPLAN-SIGACT} Symposium on
               Principles of Programming Languages, {POPL} 2016, St. Petersburg,
               FL, USA, January 20 - 22, 2016},
  year      = {2016},
  url       = {http://dl.acm.org/citation.cfm?id=2837614},
  isbn      = {978-1-4503-3549-2},
  timestamp = {Fri, 08 Jan 2016 18:18:25 +0100},
  biburl    = {http://dblp.uni-trier.de/rec/bib/conf/popl/2016},
  bibsource = {dblp computer science bibliography, http://dblp.org}
}


@inproceedings{DBLP:conf/forte/BocchiCDHY13,
  author    = {Laura Bocchi and
               Tzu{-}Chun Chen and
               Romain Demangeon and
               Kohei Honda and
               Nobuko Yoshida},
  title     = {Monitoring Networks through Multiparty Session Types},
  booktitle = {Proc. of {{FMOODS/FORTE}} 2013},
  pages     = {50--65},
  year      = {2013},
    volume    = {7892},
  publisher = {Springer},
  series    = {LNCS},
  doi       = {10.1007/978-3-642-38592-6\\_5},
  timestamp = {Thu, 11 Dec 2014 17:22:43 +0100},
  editor    = {Dirk Beyer and
               Michele Boreale}
  }

@inproceedings{DBLP:journals/corr/abs-1108-4465,
  author    = {Sara Capecchi and
               Ilaria Castellani and
               Mariangiola Dezani{-}Ciancaglini},
  title     = {Information Flow Safety in Multiparty Sessions},
  booktitle = {Proc. of {EXPRESS} 2011},
  pages     = {16--30},
  series    = {{EPTCS}},
  volume    = {64},
  editor    = {Bas Luttik and
               Frank Valencia},
  year      = {2011},
  doi       = {10.4204/EPTCS.64.2},
  timestamp = {Mon, 28 Oct 2013 16:56:55 +0100},
  biburl    = {http://dblp.uni-trier.de/rec/bib/journals/corr/abs-1108-4465},
  bibsource = {dblp computer science bibliography, http://dblp.org}
}

@proceedings{DBLP:journals/corr/abs-1108-4077,
  editor    = {Bas Luttik and
               Frank Valencia},
  title     = {Proceedings 18th International Workshop on Expressiveness in Concurrency,
               {EXPRESS} 2011, Aachen, Germany, 5th September 2011},
  series    = {{EPTCS}},
  volume    = {64},
  year      = {2011},
  doi       = {10.4204/EPTCS.64},
  timestamp = {Mon, 28 Oct 2013 16:56:55 +0100},
  biburl    = {http://dblp.uni-trier.de/rec/bib/journals/corr/abs-1108-4077},
  bibsource = {dblp computer science bibliography, http://dblp.org}
}


@inproceedings{DBLP:journals/corr/CastellaniDP14,
  author    = {Ilaria Castellani and
               Mariangiola Dezani{-}Ciancaglini and
               Jorge A. P{\'{e}}rez},
  title     = {Self-Adaptation and Secure Information Flow in Multiparty Structured
               Communications: {A} Unified Perspective},
  booktitle = {{BEAT} 2014},
  pages     = {9--18},
    series    = {{EPTCS}},
  volume    = {162},
  year      = {2014},
  doi       = {10.4204/EPTCS.162.2},
  timestamp = {Mon, 15 Sep 2014 17:23:24 +0200},
  biburl    = {http://dblp.uni-trier.de/rec/bib/journals/corr/CastellaniDP14},
  bibsource = {dblp computer science bibliography, http://dblp.org}
}
 


@article{DBLP:journals/soca/CoppoDV15,
  author    = {Mario Coppo and
               Mariangiola Dezani{-}Ciancaglini and
               Betti Venneri},
  title     = {Self-adaptive multiparty sessions},
  journal   = {Service Oriented Computing and Applications},
  volume    = {9},
  number    = {3-4},
  pages     = {249--268},
  year      = {2015},
  doi       = {10.1007/s11761-014-0171-9},
  timestamp = {Wed, 28 Oct 2015 09:04:24 +0100},
  biburl    = {http://dblp.uni-trier.de/rec/bib/journals/soca/CoppoDV15},
  bibsource = {dblp computer science bibliography, http://dblp.org}
}


@article{DBLP:journals/jlp/TiezziY15,
  author    = {Francesco Tiezzi and
               Nobuko Yoshida},
  title     = {Reversible session-based pi-calculus},
  journal   = {J. Log. Algebr. Meth. Program.},
  volume    = {84},
  number    = {5},
  pages     = {684--707},
  year      = {2015},
    doi       = {10.1016/j.jlamp.2015.03.004},
  timestamp = {Fri, 14 Aug 2015 10:57:14 +0200},
  biburl    = {http://dblp.uni-trier.de/rec/bib/journals/jlp/TiezziY15},
  bibsource = {dblp computer science bibliography, http://dblp.org},
}

@inproceedings{DBLP:journals/corr/TiezziY14,
  author    = {Francesco Tiezzi and
               Nobuko Yoshida},
  title     = {Towards Reversible Sessions},
  booktitle = {{PLACES} 2014},
  pages     = {17--24},
  year      = {2014},
  doi       = {10.4204/EPTCS.155.3},
  editor    = {Alastair F. Donaldson and
               Vasco T. Vasconcelos},
  series    = {{EPTCS}},
  volume    = {155},
  year      = {2014}
}

@inproceedings{DBLP:conf/forte/KouzapasYH11,
  author    = {Dimitrios Kouzapas and
               Nobuko Yoshida and
               Kohei Honda},
  title     = {On Asynchronous Session Semantics},
  booktitle = {Proc. of {FMOODS} 2011 and {FORTE} 2011},
  pages     = {228--243},
  year      = {2011},
    series    = {LNCS},
  volume    = {6722},
  publisher = {Springer},
  doi       = {10.1007/978-3-642-21461-5\\_15},
  timestamp = {Wed, 15 Jun 2011 13:04:18 +0200},
  biburl    = {http://dblp.uni-trier.de/rec/bib/conf/forte/KouzapasYH11},
  bibsource = {dblp computer science bibliography, http://dblp.org},
}
@proceedings{DBLP:conf/forte/2011,
  editor    = {Roberto Bruni and
               J{\"{u}}rgen Dingel},
  title     = { FMOODS/FORTE 2011},
  series    = {LNCS},
  volume    = {6722},
  publisher = {Springer},
  year      = {2011},
  isbn      = {978-3-642-21460-8}
 }


@article{DBLP:journals/fmsd/DemangeonHHNY15,
  author    = {Romain Demangeon and
               Kohei Honda and
               Raymond Hu and
               Rumyana Neykova and
               Nobuko Yoshida},
  title     = {Practical interruptible conversations: distributed dynamic verification
               with multiparty session types and Python},
  journal   = {Formal Methods in System Design},
  volume    = {46},
  number    = {3},
  pages     = {197--225},
  year      = {2015},
  doi       = {10.1007/s10703-014-0218-8},
  timestamp = {Tue, 08 Sep 2015 14:34:40 +0200},
  biburl    = {http://dblp.uni-trier.de/rec/bib/journals/fmsd/DemangeonHHNY15},
  bibsource = {dblp computer science bibliography, http://dblp.org}
}


@inproceedings{LaneseMS10,
  author    = {Ivan Lanese and
               Claudio Antares Mezzina and
               Jean-Bernard Stefani},
  title     = {Reversing Higher-Order Pi},
  booktitle = {Proc. of {CONCUR} 2010},
  pages     = {478--493},
    series    = {LNCS},
  publisher = {Springer},
  editor    = {Paul Gastin and
               Fran{\c{c}}ois Laroussinie},
  year      = {2010},
  doi       = {10.1007/978-3-642-15375-4\\_33}
}



@inproceedings{DanosK04,
  author    = {Vincent Danos and
               Jean Krivine},
  title     = {Reversible Communicating Systems},
  booktitle = {{CONCUR} 2004},
      series    = {LNCS},
  publisher = {Springer},
  pages     = {292--307},
  year      = {2004},
  editor    = {Philippa Gardner and
               Nobuko Yoshida},
  doi       = {10.1007/978-3-540-28644-8\\_19},
  timestamp = {Wed, 30 Mar 2011 12:28:22 +0200}
}

@article{PhillipsU07,
  author    = {Iain C. C. Phillips and
               Irek Ulidowski},
  title     = {Reversing algebraic process calculi},
  journal   = {J. Log. Algebr. Program.},
  volume    = {73},
  number    = {1-2},
  pages     = {70--96},
  year      = {2007},
  url       = {http://dx.doi.org/10.1016/j.jlap.2006.11.002},
  doi       = {10.1016/j.jlap.2006.11.002},
  timestamp = {Thu, 31 Jan 2008 09:06:38 +0100},
  biburl    = {http://dblp.uni-trier.de/rec/bib/journals/jlp/PhillipsU07},
  bibsource = {dblp computer science bibliography, http://dblp.org}
}

@article{DBLP:journals/entcs/PhillipsU06,
  author    = {Iain C. C. Phillips and
               Irek Ulidowski},
  title     = {Operational Semantics of Reversibility in Process Algebra},
  journal   = {Electr. Notes Theor. Comput. Sci.},
  volume    = {162},
  pages     = {281--286},
  year      = {2006},
  url       = {http://dx.doi.org/10.1016/j.entcs.2005.12.095},
  doi       = {10.1016/j.entcs.2005.12.095},
  timestamp = {Thu, 31 Jan 2008 09:06:44 +0100},
  biburl    = {http://dblp.uni-trier.de/rec/bib/journals/entcs/PhillipsU06},
  bibsource = {dblp computer science bibliography, http://dblp.org}
}

@inproceedings{CardelliL11,
  author    = {Luca Cardelli and
               Cosimo Laneve},
  title     = {Reversible structures},
  booktitle = {  {CMSB} 2011},
  pages     = {131--140},
  year      = {2011},
  doi       = {10.1145/2037509.2037529},
    editor    = {Fran{\c{c}}ois Fages},
  timestamp = {Sun, 04 Dec 2011 16:53:58 +0100},
  biburl    = {http://dblp.uni-trier.de/rec/bib/conf/cmsb/CardelliL11},
  bibsource = {dblp computer science bibliography, http://dblp.org},
   publisher = {{ACM}},
  isbn      = {978-1-4503-0817-5},
}

@inproceedings{BDLL15,
  author    = "Barbanera, Franco and Dezani-Ciancaglini, Mariangiola and Lanese, Ivan and de'Liguoro, Ugo",
  year      = "2016",
  title     = "Retractable Contracts",
  editor    = "Gay, Simon and Alglave, Jade",
  booktitle = "PLACES 2015",
  series    = "EPTCS",
  volume    = "203",
  publisher = "Open Publishing Association",
  pages     = "61-72",
  doi       = "10.4204/EPTCS.203.5",
}

@inproceedings{LienhardtLMS12,
  author    = {Michael Lienhardt and
               Ivan Lanese and
               Claudio Antares Mezzina and
               Jean-Bernard Stefani},
  title     = {A Reversible Abstract Machine and Its Space Overhead},
    booktitle = { {FMOODS/FORTE} 2012},
  pages     = {1--17},
  year      = {2012},
      series    = {LNCS},
  publisher = {Springer},
  doi       = {10.1007/978-3-642-30793-5\\_1},
  editor    = {Holger Giese and
               Grigore Rosu},
  timestamp = {Mon, 11 Jun 2012 14:34:02 +0200},
  biburl    = {http://dblp.uni-trier.de/rec/bib/conf/forte/LienhardtLMS12},
  bibsource = {dblp computer science bibliography, http://dblp.org}
}


@inproceedings{LaneseMSS11,
  author    = {Ivan Lanese and
               Claudio Antares Mezzina and
               Alan Schmitt and
               Jean-Bernard Stefani},
  title     = {Controlling Reversibility in Higher-Order Pi},
  booktitle = { {CONCUR} 2011},
  pages     = {297--311},
  year      = {2011},
      series    = {LNCS},
  publisher = {Springer},
  doi       = {10.1007/978-3-642-23217-6\\_20},
    editor    = {Joost{-}Pieter Katoen and
               Barbara K{\"{o}}nig},
  timestamp = {Wed, 07 Jan 2015 18:21:21 +0100},
  biburl    = {http://dblp.uni-trier.de/rec/bib/conf/concur/LaneseMSS11},
  bibsource = {dblp computer science bibliography, http://dblp.org}
}

@article{Levy76,
  author    = {Jean{-}Jacques L{\'{e}}vy},
  title     = {An Algebraic Interpretation of the \emph{ lambda beta } K-Calculus;
               and an Application of a Labelled \emph{ lambda } -Calculus},
  journal   = {Theor. Comput. Sci.},
  volume    = {2},
  number    = {1},
  pages     = {97--114},
  year      = {1976},
  url       = {http://dx.doi.org/10.1016/0304-3975(76)90009-8},
  doi       = {10.1016/0304-3975(76)90009-8},
  timestamp = {Wed, 07 Sep 2011 12:13:21 +0200},
  biburl    = {http://dblp.uni-trier.de/rec/bib/journals/tcs/Levy76},
  bibsource = {dblp computer science bibliography, http://dblp.org}
}

@inproceedings{GiachinoLMT15,
  author    = {Elena Giachino and
               Ivan Lanese and
               Claudio Antares Mezzina and
               Francesco Tiezzi},
  title     = {Causal-Consistent Reversibility in a Tuple-Based Language},
  booktitle = {23rd Euromicro International Conference on Parallel, Distributed,
               and Network-Based Processing, {PDP} 2015, Turku, Finland, March 4-6,
               2015},
  pages     = {467--475},
  year      = {2015},
  publisher = {{IEEE} Computer Society}
 }
 
 @article{Giachino2016,
title = "Causal-consistent rollback in a tuple-based language ",
journal = "Journal of Logical and Algebraic Methods in Programming ",
volume = "",
number = "",
pages = " 1-22 ",
year = "2016",
note = "",
issn = "2352-2208",
doi = "http://dx.doi.org/10.1016/j.jlamp.2016.09.003",
url = "http://www.sciencedirect.com/science/article/pii/S2352220816301109",
author = "Elena Giachino and Ivan Lanese and Claudio Antares Mezzina and Francesco Tiezzi",
keywords = "Reversible computation",
keywords = "Process algebra",
keywords = "Tuple space",
keywords = "Klaim "
}


@inproceedings{DBLP:conf/calco/BacciDK11,
  author    = {Giorgio Bacci and
               Vincent Danos and
               Ohad Kammar},
  title     = {On the Statistical Thermodynamics of Reversible Communicating Processes},
  booktitle = {Algebra and Coalgebra in Computer Science - 4th International Conference,
               {CALCO} 2011},
  pages     = {1--18},
  year      = {2011},
  url       = {http://dx.doi.org/10.1007/978-3-642-22944-2\_1},
  doi       = {10.1007/978-3-642-22944-2\_1},
  timestamp = {Mon, 29 Aug 2011 08:25:48 +0200},
  biburl    = {http://dblp.uni-trier.de/rec/bib/conf/calco/BacciDK11},
  bibsource = {dblp computer science bibliography, http://dblp.org},
  editor    = {Andrea Corradini and
               Bartek Klin and
               Corina C{\^{\i}}rstea}
}

@inproceedings{DBLP:conf/rc/PhillipsUY12,
  author    = {Iain Phillips and
               Irek Ulidowski and
               Shoji Yuen},
  title     = {A Reversible Process Calculus and the Modelling of the {ERK} Signalling
               Pathway},
  booktitle = {Reversible Computation, 4th International Workshop, {RC} 2012. Revised Papers},
  pages     = {218--232},
  year      = {2012},
  url       = {http://dx.doi.org/10.1007/978-3-642-36315-3\_18},
  doi       = {10.1007/978-3-642-36315-3\_18},
  timestamp = {Wed, 06 Feb 2013 14:10:48 +0100},
  biburl    = {http://dblp.uni-trier.de/rec/bib/conf/rc/PhillipsUY12},
  bibsource = {dblp computer science bibliography, http://dblp.org},
  editor    = {Robert Gl{\"{u}}ck and
               Tetsuo Yokoyama}
               }

@inproceedings{DBLP:conf/rc/0002U16,
  author    = {Stefan Kuhn and
               Irek Ulidowski},
  title     = {A Calculus for Local Reversibility},
  booktitle = {Reversible Computation - 8th International Conference, {RC} 2016,
               },
  pages     = {20--35},
  year      = {2016},
    editor    = {Simon J. Devitt and
               Ivan Lanese},
  series    = {LNCS},
  volume    = {9720},
  publisher = {Springer}
}


@inproceedings{DBLP:conf/rc/TiezziY16,
  author    = {Francesco Tiezzi and
               Nobuko Yoshida},
  title     = {Reversing Single Sessions},
  booktitle = {Reversible Computation - 8th International Conference, {RC} 2016},
  pages     = {52--69},
  year      = {2016},
  editor    = {Simon J. Devitt and
               Ivan Lanese},
  series    = {LNCS},
  volume    = {9720},
  publisher = {Springer}
  }

@article{LaneseMS16,
  author    = {Ivan Lanese and
               Claudio Antares Mezzina and
               Jean-Bernard Stefani},
  title     = {Reversibility in the higher-order {\(\pi\)}-calculus},
  journal   = {Theor. Comput. Sci.},
  volume    = {625},
  pages     = {25--84},
  year      = {2016},
  url       = {http://dx.doi.org/10.1016/j.tcs.2016.02.019},
  doi       = {10.1016/j.tcs.2016.02.019},
  timestamp = {Wed, 30 Mar 2016 18:12:23 +0200},
  biburl    = {http://dblp.uni-trier.de/rec/bib/journals/tcs/LaneseMS16},
  bibsource = {dblp computer science bibliography, http://dblp.org}
}


@inproceedings{DBLP:conf/rc/MedicM16,
  author    = {Doriana Medic and
               Claudio Antares Mezzina},
  title     = {Static {VS} Dynamic Reversibility in {CCS}},
  booktitle = {Reversible Computation - 8th International Conference, {RC} 2016},
  pages     = {36--51},
  year      = {2016},
  doi       = {10.1007/978-3-319-40578-0\_3},
  editor    = {Simon J. Devitt and
               Ivan Lanese},
  series    = {LNCS},
  volume    = {9720},
  publisher = {Springer},
 }
 
 
 @inproceedings{DBLP:conf/rc/LaneseMS12,
  author    = {Ivan Lanese and
               Claudio Antares Mezzina and
               Jean-Bernard Stefani},
  title     = {Controlled Reversibility and Compensations},
  booktitle = {Reversible Computation, 4th International Workshop, {RC} 2012. Revised Papers},
  pages     = {233--240},
  editor    = {Robert Gl{\"{u}}ck and
               Tetsuo Yokoyama},
   series    = {LNCS},
  volume    = {7581},
  publisher = {Springer},
  year      = {2013},
  isbn      = {978-3-642-36314-6}
}

@inproceedings{DBLP:conf/esop/LaneseLMSS13,
  author    = {Ivan Lanese and
               Michael Lienhardt and
               Claudio Antares Mezzina and
               Alan Schmitt and
               Jean-Bernard Stefani},
  title     = {Concurrent Flexible Reversibility},
  booktitle = {Programming Languages and Systems - 22nd European Symposium on Programming,
               {ESOP} 2013},
  pages     = {370--390},
  year      = {2013},
  editor    = {Matthias Felleisen and
               Philippa Gardner}, 
  series    = {LNCS},
  volume    = {7792},
  publisher = {Springer},
  doi       = {10.1007/978-3-642-37036-6},
  isbn      = {978-3-642-37035-9}
}

@article{DBLP:journals/mscs/KouzapasYHH16,
  author    = {Dimitrios Kouzapas and
               Nobuko Yoshida and
               Raymond Hu and
               Kohei Honda},
  title     = {On asynchronous eventful session semantics},
  journal   = {Mathematical Structures in Computer Science},
  volume    = {26},
  number    = {2},
  pages     = {303--364},
  year      = {2016},
  url       = {http://dx.doi.org/10.1017/S096012951400019X},
  doi       = {10.1017/S096012951400019X},
  timestamp = {Thu, 21 Jan 2016 13:12:53 +0100},
  biburl    = {http://dblp.uni-trier.de/rec/bib/journals/mscs/KouzapasYHH16},
  bibsource = {dblp computer science bibliography, http://dblp.org}
}


@inproceedings{ictcsMezzinaP16,
  author    = {Claudio Antares Mezzina and
               Jorge A. P{\'{e}}rez},
  title     = {Reversible Semantics in Session-based Concurrency},
  booktitle = {Proceedings of the 17th Italian Conference on Theoretical Computer
               Science, Lecce, Italy, September 7-9, 2016.},
  pages     = {221--226},
  year      = {2016},
   editor    = {Vittorio Bil{\`{o}} and
               Antonio Caruso},
  series    = {{CEUR} Workshop Proceedings},
  volume    = {1720},
  publisher = {CEUR-WS.org},
  year      = {2016},
  url       = {http://ceur-ws.org/Vol-1720},
  urn       = {urn:nbn:de:0074-1720-9}
 }

@inproceedings{DBLP:journals/corr/CoppoDV16,
  author    = {Mario Coppo and
               Mariangiola Dezani{-}Ciancaglini and
               Betti Venneri},
  title     = {Parallel Monitors for Self-adaptive Sessions},
  booktitle = { {PLACES} 2016
             },
  pages     = {25--36},
  year      = {2016},

  editor    = {Dominic A. Orchard and
               Nobuko Yoshida},
  series    = {{EPTCS}},
  volume    = {211},
  year      = {2016},
  url       = {http://dx.doi.org/10.4204/EPTCS.211},
  doi       = {10.4204/EPTCS.211}
}

@article{DBLP:journals/jlp/AubertC17,
  author    = {Cl{\'{e}}ment Aubert and
               Ioana Cristescu},
  title     = {Contextual equivalences in configuration structures and reversibility},
  journal   = {J. Log. Algebr. Meth. Program.},
  volume    = {86},
  number    = {1},
  pages     = {77--106},
  year      = {2017},
  url       = {http://dx.doi.org/10.1016/j.jlamp.2016.08.004},
  doi       = {10.1016/j.jlamp.2016.08.004},
  timestamp = {Tue, 06 Dec 2016 17:41:40 +0100},
  biburl    = {http://dblp.dagstuhl.de/rec/bib/journals/jlp/AubertC17},
  bibsource = {dblp computer science bibliography, http://dblp.org}
}


@inproceedings{DBLP:conf/concur/SangiorgiW01,
  author    = {Davide Sangiorgi and
               David Walker},
  title     = {On Barbed Equivalences in pi-Calculus},
  booktitle = {{CONCUR} 2001             },
  pages     = {292--304},
  editor    = {Kim Guldstrand Larsen and
               Mogens Nielsen},
  series    = {LNCS},
  volume    = {2154},
  publisher = {Springer},
  year      = {2001},
  isbn      = {3-540-42497-0},
}


@inproceedings{LaneseMS12,
  author    = {Ivan Lanese and
               Claudio Antares Mezzina and
               Jean-Bernard Stefani},
  title     = {Controlled Reversibility and Compensations},
  booktitle = {Reversible Computation, {RC} 2012. Revised Papers},
  pages     = {233--240},
  editor    = {Robert Gl{\"{u}}ck and
               Tetsuo Yokoyama},
  series    = {LNCS},
  volume    = {7581},
  publisher = {Springer},
  year      = {2013},
 }
